<?xml version="1.0" encoding="UTF-8"?><record xmlns="http://www.loc.gov/MARC21/slim" xmlns:cinclude="http://apache.org/cocoon/include/1.0" xmlns:zs="http://www.loc.gov/zing/srw/">
  <leader>00428nz  a2200121n  4500</leader>
  <controlfield tag="001">n  88609761 </controlfield>
  <controlfield tag="003">DLC</controlfield>
  <controlfield tag="005">19880209152127.7</controlfield>
  <controlfield tag="008">880209n| acannaab|          |n ana |||  </controlfield>
  <datafield tag="010" ind1=" " ind2=" ">
    <subfield code="a">n  88609761 </subfield>
  </datafield>
  <datafield tag="040" ind1=" " ind2=" ">
    <subfield code="a">DLC</subfield>
    <subfield code="c">DLC</subfield>
    <subfield code="d">DLC</subfield>
  </datafield>
  <datafield tag="110" ind1="2" ind2="0">
    <subfield code="a">Union régionale des sapeurs-pompiers de Midi-Pyrénées (France)</subfield>
  </datafield>
  <datafield tag="670" ind1=" " ind2=" ">
    <subfield code="a">Gaudron, G. Messagers de l'espoir, 1984:</subfield>
    <subfield code="b">p. before t.p. (Union régionale des sapeurs-pompiers de Midi-Pyrénées)</subfield>
  </datafield>
</record>